<record xmlns="http://www.loc.gov/MARC21/slim" xmlns:xsi="http://www.w3.org/2001/XMLSchema-instance" xsi:schemaLocation="http://www.loc.gov/MARC21/slim http://www.loc.gov/standards/marcxml/schema/MARC21slim.xsd"><leader>00651nz   2200145n  4500</leader><controlfield tag="001">oca03112837 </controlfield><controlfield tag="005">19920219134350.2</controlfield><controlfield tag="008">920219n| acannaab|          |a aaa |||  </controlfield><datafield ind1=" " ind2=" " tag="010"><subfield code="a">n  92017627 </subfield></datafield><datafield ind1=" " ind2=" " tag="040"><subfield code="a">DLC</subfield><subfield code="c">DLC</subfield></datafield><datafield ind1="0" ind2=" " tag="100"><subfield code="a">Antonius,</subfield><subfield code="c">monk, disciple of Simeon Stylites,</subfield><subfield code="d">fl. 470</subfield></datafield><datafield ind1="0" ind2=" " tag="400"><subfield code="a">Antony,</subfield><subfield code="c">the hermit,</subfield><subfield code="d">fl. 470</subfield></datafield><datafield ind1=" " ind2=" " tag="670"><subfield code="a">The Lives of Simeon Stylites, c1992:</subfield><subfield code="b">CIP intro. (hermit, monk; disciple of Simeon Stylites and author of his biography)</subfield></datafield><datafield ind1=" " ind2=" " tag="670"><subfield code="a">LC database, 02-19-92</subfield><subfield code="b">(hdg.: Antonius, monk, disciple of Simeon Stylites, fl. 470)</subfield></datafield><datafield ind1=" " ind2=" " tag="670"><subfield code="a">Biographical dict. of the Saints, 1924:</subfield><subfield code="b">p. 89 (Antony, the hermit, or Stylites; Syrian monk)</subfield></datafield></record>